<record><leader>00000cas a22000007a 4500</leader><controlfield tag="001">13461920</controlfield><controlfield tag="008">860421d19461946nvuwx ne      0    0eng d</controlfield><datafield ind1=" " ind2=" " tag="010"><subfield code="a">sn 86076064 </subfield></datafield><datafield ind1=" " ind2=" " tag="040"><subfield code="a">NNX</subfield><subfield code="b">eng</subfield><subfield code="c">NNX</subfield><subfield code="d">CNK</subfield><subfield code="d">OCLCQ</subfield></datafield><datafield ind1=" " ind2=" " tag="042"><subfield code="a">msc</subfield></datafield><datafield ind1="0" ind2=" " tag="130"><subfield code="a">Territorial enterprise (Virginia City, Nev. : 1946)</subfield></datafield><datafield ind1="1" ind2="0" tag="245"><subfield code="a">Territorial enterprise.</subfield></datafield><datafield ind1=" " ind2=" " tag="260"><subfield code="a">Virginia City, Nev. :</subfield><subfield code="b">H.C. Dorst,</subfield><subfield code="c">1946.</subfield></datafield><datafield ind1=" " ind2=" " tag="300"><subfield code="a">1 v. :</subfield><subfield code="b">ill.</subfield></datafield><datafield ind1=" " ind2=" " tag="310"><subfield code="a">Weekly</subfield></datafield><datafield ind1="0" ind2=" " tag="362"><subfield code="a">Vol. 1, no. 1 (Mar. 13, 1946)-v. 1, no. 7 (June 12, 1946).</subfield></datafield><datafield ind1=" " ind2=" " tag="752"><subfield code="a">United States</subfield><subfield code="b">Nevada</subfield><subfield code="c">Storey</subfield><subfield code="d">Virginia City.</subfield></datafield></record>